@article{2020_Preprint_Real,
  title = {AutoML-Zero: Evolving Machine Learning Algorithms From Scratch},
  author = {Real, Esteban and Liang, Chen and So, David R and Le, Quoc V},
  journal = {arXiv preprint arXiv:2003.03384},
  year = {2020}
}

@inproceedings{2019_ICMLA_Sun,
  title = {Predicting Futures Market Movement using Deep Neural Networks},
  author = {Sun, Tong and Wang, Jia and Ni, Jing and Cao, Yu and Liu, Benyuan},
  booktitle = {2019 18th IEEE International Conference On Machine Learning And Applications (ICMLA)},
  pages = {118--125},
  year = {2019},
  organization = {IEEE}
}

@inproceedings{2019_ICTAI_Truong,
  author = {A. {Truong} and A. {Walters} and J. {Goodsitt} and K. {Hines} and C. B. {Bruss} and R. {Farivar}},
  booktitle = {2019 IEEE 31st International Conference on Tools with Artificial Intelligence (ICTAI)}, 
  title = {Towards Automated Machine Learning: Evaluation and Comparison of AutoML Approaches and Tools}, 
  year = {2019},
  volume = {},
  number = {},
  pages = {1471-1479},
}

@incollection{2019_NeurIPS_Du,
  title = {Implicit Generation and Modeling with Energy Based Models},
  author = {Du, Yilun and Mordatch, Igor},
  booktitle = {Advances in Neural Information Processing Systems 32},
  editor = {H. Wallach and H. Larochelle and A. Beygelzimer and F. d\textquotesingle Alch\'{e}-Buc and E. Fox and R. Garnett},
  pages = {3608--3618},
  year = {2019},
  publisher = {Curran Associates, Inc.},
  url = {http://papers.nips.cc/paper/8619-implicit-generation-and-modeling-with-energy-based-models.pdf}
}

@incollection{2019_NeurIPS_Ilyas,
  title = {Adversarial Examples Are Not Bugs, They Are Features},
  author = {Ilyas, Andrew and Santurkar, Shibani and Tsipras, Dimitris and Engstrom, Logan and Tran, Brandon and Madry, Aleksander},
  booktitle = {Advances in Neural Information Processing Systems 32},
  editor = {H. Wallach and H. Larochelle and A. Beygelzimer and F. d\textquotesingle Alch\'{e}-Buc and E. Fox and R. Garnett},
  pages = {125--136},
  year = {2019},
  publisher = {Curran Associates, Inc.},
  url = {http://papers.nips.cc/paper/8307-adversarial-examples-are-not-bugs-they-are-features.pdf}
}

@InProceedings{2019_ICML_Agrawal,
  title = {The Kernel Interaction Trick: Fast {B}ayesian Discovery of Pairwise Interactions in High Dimensions},
  author = {Agrawal, Raj and Trippe, Brian and Huggins, Jonathan and Broderick, Tamara},
  booktitle = {Proceedings of the 36th International Conference on Machine Learning},
  pages = {141--150},
  year = {2019},
  editor = {Chaudhuri, Kamalika and Salakhutdinov, Ruslan},
  volume = {97},
  series = {Proceedings of Machine Learning Research},
  address = {Long Beach, California, USA},
  month = {09--15 Jun},
  publisher = {PMLR},
  pdf = {http://proceedings.mlr.press/v97/agrawal19a/agrawal19a.pdf},
  url = {http://proceedings.mlr.press/v97/agrawal19a.html}
}

@inproceedings{2015_NeurIPS_Feurer,
  title={Efficient and robust automated machine learning},
  author={Feurer, Matthias and Klein, Aaron and Eggensperger, Katharina and Springenberg, Jost and Blum, Manuel and Hutter, Frank},
  booktitle={Advances in neural information processing systems},
  pages={2962--2970},
  year={2015}
}

@article{1996_Neurocomputing_Kaastra,
  title={Designing a neural network for forecasting financial},
  author={Kaastra, Iebeling and Boyd, Milton},
  journal={Neurocomputing},
  volume={10},
  pages={215--236},
  year={1996}
}

@inproceedings{2016_ICML_Guyon,
  title={A brief review of the ChaLearn AutoML challenge: any-time any-dataset learning without human intervention},
  author={Guyon, Isabelle and Chaabane, Imad and Escalante, Hugo Jair and Escalera, Sergio and Jajetic, Damir and Lloyd, James Robert and Maci{\`a}, N{\'u}ria and Ray, Bisakha and Romaszko, Lukasz and Sebag, Mich{\`e}le and others},
  booktitle={Workshop on Automatic Machine Learning},
  pages={21--30},
  year={2016}
}

@article{1995_JBES_Diebold,
  title={Comparing Predictive Accuracy},
  author={Diebold, Francis and Mariano, Roberto},
  journal={Journal of Business \& Economic Statistics},
  volume={13},
  number={3},
  pages={253--63},
  year={1995},
  publisher={American Statistical Association}
}

@article{2017_Nature_Driessche,
  title={Mastering the game of Go without human knowledge},
  author={van den Driessche, George and Graepel, Thore and Hassabis, Demis},
  journal={NATURE},
  volume={550},
  pages={19},
  year={2017}
}

@inproceedings{2019_CVPR_Liu,
  title={Auto-deeplab: Hierarchical neural architecture search for semantic image segmentation},
  author={Liu, Chenxi and Chen, Liang-Chieh and Schroff, Florian and Adam, Hartwig and Hua, Wei and Yuille, Alan L and Fei-Fei, Li},
  booktitle={Proceedings of the IEEE Conference on Computer Vision and Pattern Recognition},
  pages={82--92},
  year={2019}
}

@incollection{2012_NeurIPS_Snoek,
  title = {Practical Bayesian Optimization of Machine Learning Algorithms},
  author = {Snoek, Jasper and Larochelle, Hugo and Adams, Ryan P},
  booktitle = {Advances in Neural Information Processing Systems 25},
  editor = {F. Pereira and C. J. C. Burges and L. Bottou and K. Q. Weinberger},
  pages = {2951--2959},
  year = {2012},
  publisher = {Curran Associates, Inc.},
  url = {http://papers.nips.cc/paper/4522-practical-bayesian-optimization-of-machine-learning-algorithms.pdf}
}

@inproceedings{2018_ICML_Zela,
  title={Towards Automated Deep Learning: Efficient Joint Neural Architecture and Hyperparameter Search},
  author={Zela, Arber and Klein, Aaron and Falkner, Stefan and Hutter, Frank},
  year = {2018},
  booktitle={ICML AutoML Workshop}
}

@inbook{2020_AIAA_Cecil,
  author = {Joe Cecil},
  title = {Design of Augmented Reality based training frameworks for Gateway contexts in support of the Moon Mission},
  booktitle = {AIAA AVIATION 2020 FORUM},
  year = {2020},
  chapter = {},
  pages = {3203},
  doi = {10.2514/6.2020-3203},
  URL = {https://arc.aiaa.org/doi/abs/10.2514/6.2020-3203},
  eprint = {https://arc.aiaa.org/doi/pdf/10.2514/6.2020-3203}
}

@article{2015_JBES_Diebold,
  title={Comparing predictive accuracy, twenty years later: A personal perspective on the use and abuse of Diebold--Mariano tests},
  author={Diebold, Francis X},
  journal={Journal of Business \& Economic Statistics},
  volume={33},
  number={1},
  pages={1--1},
  year={2015},
  publisher={Taylor \& Francis}
}

@inproceedings{2019_DeepML_Blaziunas,
  title={Comparative Study of Neural Networks and Decision Trees for Application in Trading Financial Futures},
  author={Bla{\v{z}}i{\=u}nas, Saulius and Raudys, Aistis},
  booktitle={2019 International Conference on Deep Learning and Machine Learning in Emerging Applications (Deep-ML)},
  pages={33--38},
  year={2019},
  organization={IEEE}
}

@inproceedings{2017_ACM_Sezer,
  title={An artificial neural network-based stock trading system using technical analysis and big data framework},
  author={Sezer, Omer Berat and Ozbayoglu, A Murat and Dogdu, Erdogan},
  booktitle={proceedings of the southeast conference},
  pages={223--226},
  year={2017}
}

@article{2009_RFS_Kan,
  title={Model comparison using the Hansen-Jagannathan distance},
  author={Kan, Raymond and Robotti, Cesare},
  journal={The Review of Financial Studies},
  volume={22},
  number={9},
  pages={3449--3490},
  year={2009},
  publisher={Oxford University Press}
}

@inproceedings{2020_ACM_Seol,
  title={A Variable Bulk Arrival and Static Bulk Service Queueing Model for Blockchain},
  author={Seol, Jongho and Kancharla, Abhilash and Ke, Zuqiang and Kim, Hyeyoung and Park, Nohpill},
  booktitle={Proceedings of the 2nd ACM International Symposium on Blockchain and Secure Critical Infrastructure},
  pages={63--72},
  year={2020}
}

@article{2014_Ethereum_Wood,
  title={Ethereum: A secure decentralised generalised transaction ledger},
  author={Wood, Gavin and others},
  journal={Ethereum project yellow paper},
  volume={151},
  number={2014},
  pages={1--32},
  year={2014}
}

@article{2008_Bitcoin_Nakamoto,
  title={Bitcoin: A Peer-to-Peer Electronic Cash System},
  author={Nakamoto, Satoshi},
  journal={Bitcoin White Paper},
  year={2008},
  URL = {https://bitcoin.org/bitcoin.pdf}
}

@inproceedings{2018_TELFOR_Mechkaroska,
  title={Analysis of the possibilities for improvement of BlockChain technology},
  author={Mechkaroska, Daniela and Dimitrova, Vesna and Popovska-Mitrovikj, Aleksandra},
  booktitle={2018 26th Telecommunications Forum (TELFOR)},
  pages={1--4},
  year={2018},
  organization={IEEE}
}

@article{2019_IEEE_Liu,
  title={Performance optimization for blockchain-enabled industrial Internet of Things (IIoT) systems: A deep reinforcement learning approach},
  author={Liu, Mengting and Yu, F Richard and Teng, Yinglei and Leung, Victor CM and Song, Mei},
  journal={IEEE Transactions on Industrial Informatics},
  volume={15},
  number={6},
  pages={3559--3570},
  year={2019},
  publisher={IEEE}
}

@article{2017_Zilliqa_Zilliqa,
  title={The zilliqa technical whitepaper},
  author={Team, Zilliqa and others},
  journal={Zilliqa Whitepaper},
  year={2017}
}

@inproceedings{2017_IEEE_Gobel,
  title={Increased block size and Bitcoin blockchain dynamics},
  author={G{\"o}bel, Johannes and Krzesinski, Anthony E},
  booktitle={2017 27th International Telecommunication Networks and Applications Conference (ITNAC)},
  pages={1--6},
  year={2017},
  organization={IEEE}
}

@inproceedings{2018_IEEE_Thakkar,
  title={Performance benchmarking and optimizing hyperledger fabric blockchain platform},
  author={Thakkar, Parth and Nathan, Senthil and Viswanathan, Balaji},
  booktitle={2018 IEEE 26th International Symposium on Modeling, Analysis, and Simulation of Computer and Telecommunication Systems (MASCOTS)},
  pages={264--276},
  year={2018},
  organization={IEEE}
}

@article{2020_IEEEToVT_Fu,
  title={Performance Optimization for Blockchain-Enabled Distributed Network Function Virtualization Management and Orchestration},
  author={Fu, Xiaoyuan and Yu, Richard and Wang, Jingyu and Qi, Qi and Liao, Jianxin},
  journal={IEEE Transactions on Vehicular Technology},
  year={2020},
  publisher={IEEE}
}

@article{2020_SecCommNetworks_Fu,
  title={A Study on the Optimization of Blockchain Hashing Algorithm Based on PRCA},
  author={Fu, Jinhua and Qiao, Sihai and Huang, Yongzhong and Si, Xueming and Li, Bin and Yuan, Chao},
  journal={Security and Communication Networks},
  year={2020},
  publisher={Hindawi}
}

@inproceedings{2005_ISDA_Hassan,
  title={Stock market forecasting using hidden Markov model: a new approach},
  author={Hassan, Md Rafiul and Nath, Baikunth},
  booktitle={5th International Conference on Intelligent Systems Design and Applications (ISDA'05)},
  pages={192--196},
  year={2005},
  organization={IEEE}
}

@article{2006_okstate_Khadka,
  title={COPULA-BASED DENSITY WEIGHTING FUNCTIONS},
  author={Khadka, MS and Shin, JY and Park, NJ and George, KM and Park, N}
}

@article{2007_ESA_Hassan,
  title={A fusion model of HMM, ANN and GA for stock market forecasting},
  author={Hassan, Md Rafiul and Nath, Baikunth and Kirley, Michael},
  journal={Expert systems with Applications},
  volume={33},
  number={1},
  pages={171--180},
  year={2007},
  publisher={Elsevier}
}

@article{2020_Nature_Schrittwieser,
  title={Mastering atari, go, chess and shogi by planning with a learned model},
  author={Schrittwieser, Julian and Antonoglou, Ioannis and Hubert, Thomas and Simonyan, Karen and Sifre, Laurent and Schmitt, Simon and Guez, Arthur and Lockhart, Edward and Hassabis, Demis and Graepel, Thore and others},
  journal={Nature},
  volume={588},
  number={7839},
  pages={604--609},
  year={2020},
  publisher={Nature Publishing Group}
}

@article{2007_okstate_Khadka,
  title={Analysis of Failure Models using Hazard Functions with MRDDV Model},
  author={Khadka, MS and Park, NJ and Park, N and George, KM}
}

@inproceedings{2010_ICFTE_Park,
  title={A multiple regression model for trend change prediction},
  author={Park, NJ and George, KM and Park, N},
  booktitle={2010 International Conference on Financial Theory and Engineering},
  pages={22--26},
  year={2010},
  organization={IEEE}
}

@inproceedings{2010_okstate_Khadka,
  title={A New Approach for Time Series Forecasting based on Genetic Algorithm.},
  author={Khadka, Mahesh and Popp, Benjamin and George, Kayikkalthop M and Park, Nohpill}
}

@article{1999_IET_Gers,
  title={Learning to forget: Continual prediction with LSTM},
  author={Gers, Felix A and Schmidhuber, J{\"u}rgen and Cummins, Fred},
  year={1999},
  publisher={IET}
}

@article{2018_Queue_Lipton,
  title={The mythos of model interpretability},
  author={Lipton, Zachary C},
  journal={Queue},
  volume={16},
  number={3},
  pages={31--57},
  year={2018},
  publisher={ACM New York, NY, USA}
}

@inproceedings{2019_AAMAS_Anjomshoae,
  title={Explainable agents and robots: Results from a systematic literature review},
  author={Anjomshoae, Sule and Najjar, Amro and Calvaresi, Davide and Fr{\"a}mling, Kary},
  booktitle={18th International Conference on Autonomous Agents and Multiagent Systems (AAMAS 2019), Montreal, Canada, May 13--17, 2019},
  pages={1078--1088},
  year={2019},
  organization={International Foundation for Autonomous Agents and Multiagent Systems}
}

@inproceedings{2019_ICAPS_Chakraborti,
  title={Explicability? legibility? predictability? transparency? privacy? security? the emerging landscape of interpretable agent behavior},
  author={Chakraborti, Tathagata and Kulkarni, Anagha and Sreedharan, Sarath and Smith, David E and Kambhampati, Subbarao},
  booktitle={Proceedings of the international conference on automated planning and scheduling},
  volume={29},
  number={1},
  pages={86--96},
  year={2019}
}

@article{2009_NIPS_Chang,
  title={Reading tea leaves: How humans interpret topic models},
  author={Chang, Jonathan and Gerrish, Sean and Wang, Chong and Boyd-Graber, Jordan and Blei, David},
  journal={Advances in neural information processing systems},
  volume={22},
  pages={288--296},
  year={2009}
}

@article{2016_IEEE_Krening,
  title={Learning from explanations using sentiment and advice in RL},
  author={Krening, Samantha and Harrison, Brent and Feigh, Karen M and Isbell, Charles Lee and Riedl, Mark and Thomaz, Andrea},
  journal={IEEE Transactions on Cognitive and Developmental Systems},
  volume={9},
  number={1},
  pages={44--55},
  year={2016},
  publisher={IEEE}
}

@article{1992_TIA_Fleming,
  title={Not another inventory, rather a catalyst for reflection},
  author={Fleming, Neil D and Mills, Colleen},
  journal={To improve the academy},
  volume={11},
  number={1},
  pages={137--155},
  year={1992},
  publisher={Wiley Online Library}
}

@article{2018_Distill_Olah,
  title={The building blocks of interpretability},
  author={Olah, Chris and Satyanarayan, Arvind and Johnson, Ian and Carter, Shan and Schubert, Ludwig and Ye, Katherine and Mordvintsev, Alexander},
  journal={Distill},
  volume={3},
  number={3},
  pages={e10},
  year={2018}
}

@article{2013_Preprint_Szegedy,
  title={Intriguing properties of neural networks},
  author={Szegedy, Christian and Zaremba, Wojciech and Sutskever, Ilya and Bruna, Joan and Erhan, Dumitru and Goodfellow, Ian and Fergus, Rob},
  journal={arXiv preprint arXiv:1312.6199},
  year={2013}
}

@inproceedings{2018_CVPR_Dong,
  title={Boosting adversarial attacks with momentum},
  author={Dong, Yinpeng and Liao, Fangzhou and Pang, Tianyu and Su, Hang and Zhu, Jun and Hu, Xiaolin and Li, Jianguo},
  booktitle={Proceedings of the IEEE conference on computer vision and pattern recognition},
  pages={9185--9193},
  year={2018}
}

@article{2018_AS_Gripon,
  title={Associative memories to accelerate approximate nearest neighbor search},
  author={Gripon, Vincent and L{\"o}we, Matthias and Vermet, Franck},
  journal={Applied Sciences},
  volume={8},
  number={9},
  pages={1676},
  year={2018},
  publisher={Multidisciplinary Digital Publishing Institute}
}

@inproceedings{2017_KDD_Tagami,
  title={Annexml: Approximate nearest neighbor search for extreme multi-label classification},
  author={Tagami, Yukihiro},
  booktitle={Proceedings of the 23rd ACM SIGKDD international conference on knowledge discovery and data mining},
  pages={455--464},
  year={2017}
}

@article{2014_IEEE_Muja,
  title={Scalable nearest neighbor algorithms for high dimensional data},
  author={Muja, Marius and Lowe, David G},
  journal={IEEE transactions on pattern analysis and machine intelligence},
  volume={36},
  number={11},
  pages={2227--2240},
  year={2014},
  publisher={IEEE}
}

@article{2016_JAIR_Bernardi,
  title={Automatic description generation from images: A survey of models, datasets, and evaluation measures},
  author={Bernardi, Raffaella and Cakici, Ruket and Elliott, Desmond and Erdem, Aykut and Erdem, Erkut and Ikizler-Cinbis, Nazli and Keller, Frank and Muscat, Adrian and Plank, Barbara},
  journal={Journal of Artificial Intelligence Research},
  volume={55},
  pages={409--442},
  year={2016}
}

@article{2020_ISM_Meske,
  title={Explainable artificial intelligence: objectives, stakeholders, and future research opportunities},
  author={Meske, Christian and Bunde, Enrico and Schneider, Johannes and Gersch, Martin},
  journal={Information Systems Management},
  pages={1--11},
  year={2021},
  publisher={Taylor \& Francis}
}

@article{1989_TnF_Byers,
  title={Traditional and raw task load index (TLX) correlations: Are paired comparisons necessary?},
  author={Byers, James C},
  journal={Advances in Industrial Erfonomics and Safety l: Taylor and Francis.},
  year={1989}
}

@article{1996_TnF_Brooke,
  title={SUS-A quick and dirty usability scale},
  author={Brooke, John and others},
  journal={Usability evaluation in industry},
  volume={189},
  number={194},
  pages={4--7},
  year={1996},
  publisher={London--}
}

@article{2020_EJBI_Georgsson,
  title={NASA RTLX as a Novel Assessment Tool for Determining Cognitive Load and User Acceptance of Expert and User-based Usability Evaluation Methods},
  author={Georgsson, M},
  journal={European Journal of Biomedical Informatics},
  year={2020},
  publisher={European Journal of Biomedical Informatics}
}

@inproceedings{2020_IUI_Bucinca,
  title={Proxy tasks and subjective measures can be misleading in evaluating explainable AI systems},
  author={Bu{\c{c}}inca, Zana and Lin, Phoebe and Gajos, Krzysztof Z and Glassman, Elena L},
  booktitle={Proceedings of the 25th international conference on intelligent user interfaces},
  pages={454--464},
  year={2020}
}

@article{2022_PNAS_Saxena,
  title={Learning in deep neural networks and brains with similarity-weighted interleaved learning},
  author={Saxena, Rajat and Shobe, Justin L and McNaughton, Bruce L},
  journal={Proceedings of the National Academy of Sciences},
  volume={119},
  number={27},
  pages={e2115229119},
  year={2022},
  publisher={National Acad Sciences}
}

@article{2022_Preprint_Daras,
  title={Discovering the Hidden Vocabulary of DALLE-2},
  author={Daras, Giannis and Dimakis, Alexandros G},
  journal={arXiv preprint arXiv:2206.00169},
  year={2022}
}

@article{1929_PNAS_Hubble,
  title={A relation between distance and radial velocity among extra-galactic nebulae},
  author={Hubble, Edwin},
  journal={Proceedings of the national academy of sciences},
  volume={15},
  number={3},
  pages={168--173},
  year={1929},
  publisher={National Acad Sciences}
}

@article{1956_Bell_Kelly,
  title={A New Interpretation of Information Rate},
  author={Kelly Jr., JL},
  journal={Bell System Technical Journal},
  volume={35},
  number={4},
  pages={917--926},
  year={1956},
  publisher={Nokia Bell Labs}
}

@article{2019_Nature_Rudin,
  title={Stop explaining black box machine learning models for high stakes decisions and use interpretable models instead},
  author={Rudin, Cynthia},
  journal={Nature Machine Intelligence},
  volume={1},
  number={5},
  pages={206--215},
  year={2019},
  publisher={Nature Publishing Group}
}

@inproceedings{2019_NeurIPS_ChenLi,
  title={This Looks Like That: Deep Learning for Interpretable Image Recognition},
  author={Chen, Chaofan and Li, Oscar and Barnett, Alina and Su, Jonathan and Rudin, Cynthia},
  booktitle={Proceedings of Neural Information Processing Systems {(NeurIPS)}},
  year={2019}
}

@article{1986_Nature_Rumelhart,
  title={Learning representations by back-propagating errors},
  author={Rumelhart, David E and Hinton, Geoffrey E and Williams, Ronald J},
  journal={nature},
  volume={323},
  number={6088},
  pages={533--536},
  year={1986},
  publisher={Nature Publishing Group}
}

@article{2019_Access_Siddiqui,
  title={Tsviz: Demystification of deep learning models for time-series analysis},
  author={Siddiqui, Shoaib Ahmed and Mercier, Dominique and Munir, Mohsin and Dengel, Andreas and Ahmed, Sheraz},
  journal={IEEE Access},
  volume={7},
  pages={67027--67040},
  year={2019},
  publisher={IEEE}
}

@article{2015_ICMLDLWS_Yosinski,
  title={Understanding neural networks through deep visualization},
  author={Yosinski, Jason and Clune, Jeff and Nguyen, Anh and Fuchs, Thomas and Lipson, Hod},
  journal={arXiv preprint arXiv:1506.06579},
  year={2015}
}

@article{2013_Preprint_Simonyan,
  title={Deep inside convolutional networks: Visualising image classification models and saliency maps},
  author={Simonyan, Karen and Vedaldi, Andrea and Zisserman, Andrew},
  journal={arXiv preprint arXiv:1312.6034},
  year={2013}
}

@inproceedings{2014_ECCV_Zeiler,
  title={Visualizing and understanding convolutional networks},
  author={Zeiler, Matthew D and Fergus, Rob},
  booktitle={European conference on computer vision},
  pages={818--833},
  year={2014},
  organization={Springer}
}

@article{2015_PloS_Bach,
  title={On pixel-wise explanations for non-linear classifier decisions by layer-wise relevance propagation},
  author={Bach, Sebastian and Binder, Alexander and Montavon, Gr{\'e}goire and Klauschen, Frederick and M{\"u}ller, Klaus-Robert and Samek, Wojciech},
  journal={PloS one},
  volume={10},
  number={7},
  pages={e0130140},
  year={2015},
  publisher={Public Library of Science San Francisco, CA USA}
}

@inproceedings{2018_NeurIPS_Alvarez,
  title={Towards robust interpretability with self-explaining neural networks},
  author={Alvarez-Melis, David and Jaakkola, Tommi S},
  booktitle={Proceedings of the 32nd International Conference on Neural Information Processing Systems},
  pages={7786--7795},
  year={2018}
}

